<record><leader>00000cas a2200000 a 4500</leader><controlfield tag="001">36134722</controlfield><controlfield tag="008">961226d189u1937miuwr n       0    0eng c</controlfield><datafield ind1=" " ind2=" " tag="010"><subfield code="a">sn 96077406 </subfield></datafield><datafield ind1=" " ind2=" " tag="040"><subfield code="a">MHN</subfield><subfield code="b">eng</subfield><subfield code="c">MHN</subfield><subfield code="d">OCL</subfield><subfield code="d">OCLCQ</subfield><subfield code="d">IUL</subfield><subfield code="d">OCLCQ</subfield><subfield code="d">OCLCF</subfield></datafield><datafield ind1="1" ind2=" " tag="029"><subfield code="a">AU@</subfield><subfield code="b">000013023170</subfield></datafield><datafield ind1=" " ind2=" " tag="042"><subfield code="a">pcc</subfield></datafield><datafield ind1=" " ind2=" " tag="043"><subfield code="a">n-us-mi</subfield></datafield><datafield ind1="0" ind2=" " tag="130"><subfield code="a">Perry journal (Perry, Mich.)</subfield></datafield><datafield ind1="1" ind2="4" tag="245"><subfield code="a">The Perry journal.</subfield></datafield><datafield ind1="3" ind2=" " tag="246"><subfield code="a">Morrice news</subfield></datafield><datafield ind1="3" ind2=" " tag="246"><subfield code="a">Perry journal and the Morrice news-clipper</subfield></datafield><datafield ind1=" " ind2=" " tag="260"><subfield code="a">Perry, Shiawassee County, Mich. :</subfield><subfield code="b">Clyde A. White</subfield></datafield><datafield ind1=" " ind2=" " tag="300"><subfield code="a">v.</subfield></datafield><datafield ind1=" " ind2=" " tag="310"><subfield code="a">Weekly</subfield></datafield><datafield ind1="0" ind2=" " tag="362"><subfield code="a">-v. 43, no. 51 (Sept. 9, 1937).</subfield></datafield><datafield ind1=" " ind2=" " tag="588"><subfield code="a">Description based on: Vol. 1, no. 39 (June 16, 1899).</subfield></datafield><datafield ind1=" " ind2="0" tag="651"><subfield code="a">Perry (Mich. : Township)</subfield><subfield code="v">Newspapers.</subfield></datafield><datafield ind1=" " ind2="0" tag="651"><subfield code="a">Morrice (Mich.)</subfield><subfield code="v">Newspapers.</subfield></datafield><datafield ind1=" " ind2="0" tag="651"><subfield code="a">Shiawassee County (Mich.)</subfield><subfield code="v">Newspapers.</subfield></datafield><datafield ind1=" " ind2="7" tag="655"><subfield code="a">Newspapers.</subfield><subfield code="2">fast</subfield><subfield code="0">(OCoLC)fst01423814</subfield></datafield><datafield ind1=" " ind2="7" tag="651"><subfield code="a">Michigan</subfield><subfield code="z">Morrice.</subfield><subfield code="2">fast</subfield><subfield code="0">(OCoLC)fst01298693</subfield></datafield><datafield ind1=" " ind2="7" tag="651"><subfield code="a">Michigan</subfield><subfield code="z">Perry (Township)</subfield><subfield code="2">fast</subfield><subfield code="0">(OCoLC)fst01333257</subfield></datafield><datafield ind1=" " ind2="7" tag="651"><subfield code="a">Michigan</subfield><subfield code="z">Shiawassee County.</subfield><subfield code="2">fast</subfield><subfield code="0">(OCoLC)fst01214752</subfield></datafield><datafield ind1=" " ind2=" " tag="752"><subfield code="a">United States</subfield><subfield code="b">Michigan</subfield><subfield code="c">Shiawassee</subfield><subfield code="d">Perry.</subfield></datafield><datafield ind1="0" ind2="0" tag="785"><subfield code="t">Shiawassee County journal</subfield><subfield code="w">(DLC)sn 84005962</subfield><subfield code="w">(OCoLC)10384066</subfield></datafield></record>